<?xml version="1.0" encoding="UTF-8"?><record xmlns="http://www.loc.gov/MARC21/slim" xmlns:cinclude="http://apache.org/cocoon/include/1.0" xmlns:zs="http://www.loc.gov/zing/srw/">
  <leader>00353nz  a2200121n  4500</leader>
  <controlfield tag="001">no 93013470 </controlfield>
  <controlfield tag="003">DLC</controlfield>
  <controlfield tag="005">19930513102318.3</controlfield>
  <controlfield tag="008">930511n| acannaab|          |n aaa     c</controlfield>
  <datafield tag="010" ind1=" " ind2=" ">
    <subfield code="a">no 93013470 </subfield>
  </datafield>
  <datafield tag="040" ind1=" " ind2=" ">
    <subfield code="a">ICU</subfield>
    <subfield code="c">ICU</subfield>
  </datafield>
  <datafield tag="100" ind1="1" ind2="0">
    <subfield code="a">Sudakov, A. P.</subfield>
  </datafield>
  <datafield tag="670" ind1=" " ind2=" ">
    <subfield code="a">Ivanova, L.P. Katalog knig izdatelสนstva "Prosveshchenie," 1981-1985, 1991:</subfield>
    <subfield code="b">verso t.p. (A.P. Sudakov)</subfield>
  </datafield>
</record>